<?xml version="1.0" encoding="UTF-8"?>
<collection xmlns="http://www.loc.gov/MARC21/slim">
   <record>
      <leader>00000nz  a2200000nc 4500</leader>
      <controlfield tag="001">institutions/30080989</controlfield>
      <controlfield tag="003">DE-633</controlfield>
      <controlfield tag="005">20250620052134.0</controlfield>
      <controlfield tag="008">161109||||z|||a|||||||||||||||||n||||||d</controlfield>
      <datafield tag="024" ind1="7" ind2=" ">
         <subfield code="a">268562668</subfield>
         <subfield code="2">VIAF</subfield>
      </datafield>
      <datafield tag="024" ind1="7" ind2=" ">
         <subfield code="a">20159032662901182067</subfield>
         <subfield code="2">VIAF</subfield>
      </datafield>
      <datafield tag="024" ind1="7" ind2=" ">
         <subfield code="a">GCA-Gaha</subfield>
         <subfield code="q">siglum</subfield>
         <subfield code="2">rism</subfield>
      </datafield>
      <datafield tag="034" ind1="1" ind2=" ">
         <subfield code="d">-90.51247012129808</subfield>
         <subfield code="f">14.642053963338125</subfield>
      </datafield>
      <datafield tag="040" ind1=" " ind2=" ">
         <subfield code="a">DE-633</subfield>
         <subfield code="c">DE-633</subfield>
         <subfield code="e">rismg</subfield>
      </datafield>
      <datafield tag="043" ind1=" " ind2=" ">
         <subfield code="c">XD-GT</subfield>
      </datafield>
      <datafield tag="110" ind1="1" ind2=" ">
         <subfield code="a">Archivo Histórico Arquidiocesano "Francisco de Paula García Peláez"</subfield>
         <subfield code="c">Ciudad de Guatemala</subfield>
         <subfield code="g">GCA-Gaha</subfield>
      </datafield>
      <datafield tag="368" ind1=" " ind2=" ">
         <subfield code="a">Institution</subfield>
         <subfield code="a">Archive</subfield>
         <subfield code="a">Library</subfield>
      </datafield>
      <datafield tag="371" ind1=" " ind2=" ">
         <subfield code="a">Palacio Arzobispal</subfield>
         <subfield code="a">7a. Avenida 6-21 zona 1.</subfield>
         <subfield code="b">Ciudad de Guatemala</subfield>
         <subfield code="d">Guatemala</subfield>
         <subfield code="e">01001</subfield>
         <subfield code="m">archivoeclesiastico@gmail.com</subfield>
         <subfield code="u">http://censoarchivos.mcu.es/CensoGuia/archivodetail.htm?id=50948</subfield>
         <subfield code="z">tel: +502 / 2321071</subfield>
         <subfield code="z">fax: +502 / 2515068</subfield>
      </datafield>
      <datafield tag="551" ind1="1" ind2=" ">
         <subfield code="a">Ciudad de Guatemala</subfield>
         <subfield code="0">places/3903253</subfield>
      </datafield>
   </record>